@book{dunkl-2014,
	author = {Dunkl, Charles and Xu, Yuan},
	edition = {2nd Revised ed.},
	month = {8},
	publisher = {Cambridge University Press},
	title = {{Orthogonal Polynomials of Several Variables: 155}},
	year = {2014},
}

@book{renato,
	author = {Alvarez Nodarse, Renato},
	month = {1},
	title = {{Polinomios hipergeom√©tricos y q-polinomios (Monografias del Seminario matematico)}},
	year = {2003},
}

@book{chihara,
	author = {Chihara, Theodore},
	month = {2},
	publisher = {Dover Publications},
	title = {{An Introduction to Orthogonal Polynomials}},
	year = {2011},
}

@book{kulkarni-2012,
	address = {New York, Estados Unidos},
	author = {Kulkarni, V.},
	publisher = {Springer Publishing},
	title = {{Introduction to Modeling and Analysis of Stochastic Systems}},
	year = {2012},
}

@book{schoutens-2000,
	address = {New York, Estados Unidos},
	author = {Schoutens, Wim},
	publisher = {Springer Publishing},
	title = {{Stochastic Processes and Orthogonal Polynomials}},
	year = {2000},
}

@misc{doc-sage,
	title = {{Orthogonal polynomials - Functions}},
	url = {https://doc.sagemath.org/html/en/reference/functions/sage/functions/orthogonal_polys.html},
}

@article{Linear-Growth,
 ISSN = {00959057, 19435274},
 URL = {http://www.jstor.org/stable/24900526},
 author = {Samuel Karlin and James McGregor},
 journal = {Journal of Mathematics and Mechanics},
 number = {4},
 pages = {643--662},
 publisher = {Indiana University Mathematics Department},
 title = {Linear Growth, Birth and Death Processes},
 urldate = {2023-03-03},
 volume = {7},
 year = {1958}
}

@book{abramowitz+stegun,
  added-at = {2008-06-25T06:25:58.000+0200},
  address = {New York},
  author = {Abramowitz, Milton and Stegun, Irene A.},
  biburl = {https://www.bibsonomy.org/bibtex/223ec744709b3a776a1af0a3fd65cd09f/a_olympia},
  edition = {ninth Dover printing, tenth GPO printing},
  keywords = {Handbook},
  publisher = {Dover},
  timestamp = {2008-06-25T06:25:58.000+0200},
  title = {Handbook of Mathematical Functions with Formulas, Graphs, and Mathematical Tables},
  year = 1964
}


